@inproceedings{chen2018unmanned,
  title={Unmanned aerial vehicle route planning method based on a star algorithm},
  author={Chen, Tianyou and Zhang, Guofeng and Hu, Xiaoguang and Xiao, Jin},
  booktitle={2018 13th IEEE Conference on Industrial Electronics and Applications (ICIEA)},
  pages={1510--1514},
  year={2018},
  organization={IEEE}
}

@article{BADUE2021113816,
title = {Self-driving cars: A survey},
journal = {Expert Systems with Applications},
volume = {165},
pages = {113816},
year = {2021},
issn = {0957-4174},
author = {Claudine Badue and Rânik Guidolini and Raphael Vivacqua Carneiro and Pedro Azevedo and Vinicius B. Cardoso and Avelino Forechi and Luan Jesus and Rodrigo Berriel and Thiago M. Paixão and Filipe Mutz and Lucas {de Paula Veronese} and Thiago Oliveira-Santos and Alberto F. {De Souza}},
keywords = {Self-driving cars, Robot localization, Occupancy grid mapping, Road mapping, Moving objects detection, Moving objects tracking, Traffic signalization detection, Traffic signalization recognition, Route planning, Behavior selection, Motion planning, Obstacle avoidance, Robot control},
}